@misc{rasmussen, title={Are Behavior Trees a Thing of the Past?}, url={https://www.gamasutra.com/blogs/JakobRasmussen/20160427/271188/Are_Behavior_Trees_a_Thing_of_the_Past.php}, journal={Gamasutra Article}, author={Rasmussen, Jakob}}
@book{ colledanchise_ogren_2018, title={Behavior Trees in Robotics and AI}, author={ Colledanchise, Michele and Ogren, Petter}, year={2018}}